% Encoding: windows-1250

@Book{tocci:2010,
  title     = {Digital Systems: Principles and Applications (11th Edition)},
  publisher = {Pearson},
  year      = {2010},
  author    = {Ronald J. Tocci and Neal Widmer and Greg Moss},
}

@Book{virant:1996,
  title     = {Logi{\v c}ne osnove odlo{\v c}anja in pomnjenja v ra{\v c}unalni{\v s}kih sistemih},
  publisher = {Zalo{\v z}ba {FE} in {FRI}},
  year      = {1996},
  author    = {Jernej Virant},
}

@Book{bajec:2002,
  title     = {Preklopne strukture in sistemi: zbirka re{\v s}enih primerov in nalog z re{\v s}itvami},
  publisher = {Zalo{\v z}ba {FE} in {FRI}},
  year      = {2002},
  author    = {Iztok {Lebar Bajec}},
}

@Book{trebar:1992,
  title     = {Preklopna vezja in strukture: priro{\v c}nik za vaje (2. izdaja)},
  publisher = {Zalo{\v z}ba {FE} in {FRI}},
  year      = {1992},
  author    = {Mira Trebar},
  author    = {Mira Trebar},
}

@Comment{jabref-meta: databaseType:bibtex;}
